%YAML 1.1
%TAG !u! tag:unity3d.com,2011:
--- !u!1 &6887692426443588648
GameObject:
  m_ObjectHideFlags: 0
  m_CorrespondingSourceObject: {fileID: 0}
  m_PrefabInstance: {fileID: 0}
  m_PrefabAsset: {fileID: 0}
  serializedVersion: 6
  m_Component:
  - component: {fileID: 6887692426443588652}
  - component: {fileID: 6887692426443588653}
  - component: {fileID: 6887692426443588650}
  - component: {fileID: 6887692426443588651}
  - component: {fileID: 285371245287794361}
  - component: {fileID: 6847383402895804019}
  m_Layer: 0
  m_Name: Player
  m_TagString: Untagged
  m_Icon: {fileID: 0}
  m_NavMeshLayer: 0
  m_StaticEditorFlags: 0
  m_IsActive: 1
--- !u!4 &6887692426443588652
Transform:
  m_ObjectHideFlags: 0
  m_CorrespondingSourceObject: {fileID: 0}
  m_PrefabInstance: {fileID: 0}
  m_PrefabAsset: {fileID: 0}
  m_GameObject: {fileID: 6887692426443588648}
  m_LocalRotation: {x: -0, y: -0, z: -0, w: 1}
  m_LocalPosition: {x: 0, y: 0, z: 0}
  m_LocalScale: {x: 1, y: 1, z: 1}
  m_ConstrainProportionsScale: 0
  m_Children: []
  m_Father: {fileID: 0}
  m_RootOrder: 0
  m_LocalEulerAnglesHint: {x: 0, y: 0, z: 0}
--- !u!114 &6887692426443588653
MonoBehaviour:
  m_ObjectHideFlags: 0
  m_CorrespondingSourceObject: {fileID: 0}
  m_PrefabInstance: {fileID: 0}
  m_PrefabAsset: {fileID: 0}
  m_GameObject: {fileID: 6887692426443588648}
  m_Enabled: 1
  m_EditorHideFlags: 0
  m_Script: {fileID: 11500000, guid: 6cfa5142dd1f4851bf5defa4d9649c05, type: 3}
  m_Name: 
  m_EditorClassIdentifier: 
  _componentIndexCache: 0
  _addedNetworkObject: {fileID: 6887692426443588650}
  _networkObjectCache: {fileID: 6887692426443588650}
  <_actor>k__BackingField: {fileID: 6847383402895804019}
  _conditions: []
--- !u!114 &6887692426443588650
MonoBehaviour:
  m_ObjectHideFlags: 0
  m_CorrespondingSourceObject: {fileID: 0}
  m_PrefabInstance: {fileID: 0}
  m_PrefabAsset: {fileID: 0}
  m_GameObject: {fileID: 6887692426443588648}
  m_Enabled: 1
  m_EditorHideFlags: 0
  m_Script: {fileID: 11500000, guid: 26b716c41e9b56b4baafaf13a523ba2e, type: 3}
  m_Name: 
  m_EditorClassIdentifier: 
  <IsNested>k__BackingField: 0
  <ComponentIndex>k__BackingField: 0
  _networkBehaviours:
  - {fileID: 6887692426443588653}
  - {fileID: 6887692426443588651}
  - {fileID: 285371245287794361}
  <ParentNetworkObject>k__BackingField: {fileID: 0}
  <ChildNetworkObjects>k__BackingField: []
  _isNetworked: 1
  _isGlobal: 1
  _initializeOrder: 0
  _predictedSpawningType: 0
  _defaultDespawnType: 1
  NetworkObserver: {fileID: 0}
  <PrefabId>k__BackingField: 1
  <SpawnableCollectionId>k__BackingField: 0
  _scenePathHash: 0
  <SceneId>k__BackingField: 0
  <AssetPathHash>k__BackingField: 1702472746278731431
  _sceneNetworkObjects:
  - {fileID: 6887692426443588650}
--- !u!114 &6887692426443588651
MonoBehaviour:
  m_ObjectHideFlags: 0
  m_CorrespondingSourceObject: {fileID: 0}
  m_PrefabInstance: {fileID: 0}
  m_PrefabAsset: {fileID: 0}
  m_GameObject: {fileID: 6887692426443588648}
  m_Enabled: 1
  m_EditorHideFlags: 0
  m_Script: {fileID: 11500000, guid: 29e9e6a46ce24e6fb12111ecf659a827, type: 3}
  m_Name: 
  m_EditorClassIdentifier: 
  _componentIndexCache: 1
  _addedNetworkObject: {fileID: 6887692426443588650}
  _networkObjectCache: {fileID: 6887692426443588650}
  <_actor>k__BackingField: {fileID: 6847383402895804019}
  _conditions: []
--- !u!114 &285371245287794361
MonoBehaviour:
  m_ObjectHideFlags: 0
  m_CorrespondingSourceObject: {fileID: 0}
  m_PrefabInstance: {fileID: 0}
  m_PrefabAsset: {fileID: 0}
  m_GameObject: {fileID: 6887692426443588648}
  m_Enabled: 1
  m_EditorHideFlags: 0
  m_Script: {fileID: 11500000, guid: a338a148a8f14c37a86b988d93513370, type: 3}
  m_Name: 
  m_EditorClassIdentifier: 
  _componentIndexCache: 2
  _addedNetworkObject: {fileID: 6887692426443588650}
  _networkObjectCache: {fileID: 6887692426443588650}
  <_actor>k__BackingField: {fileID: 6847383402895804019}
  _conditions:
  - {fileID: 11400000, guid: 4ef8e953a0b68ed4f9310e08f10d6894, type: 2}
--- !u!114 &6847383402895804019
MonoBehaviour:
  m_ObjectHideFlags: 0
  m_CorrespondingSourceObject: {fileID: 0}
  m_PrefabInstance: {fileID: 0}
  m_PrefabAsset: {fileID: 0}
  m_GameObject: {fileID: 6887692426443588648}
  m_Enabled: 1
  m_EditorHideFlags: 0
  m_Script: {fileID: 11500000, guid: f2ebd023598632c4b8e96dc9b675aa66, type: 3}
  m_Name: 
  m_EditorClassIdentifier: 
  _entity: 0
  prefabReferenceName: 
